@Manual{citeR,
    title = {R: A Language and Environment for Statistical Computing},
    author = {{R Core Team}},
    organization = {R Foundation for Statistical Computing},
    address = {Vienna, Austria},
    year = {2020},
    url = {https://www.R-project.org/},
  }

@misc{kirubi_2016, title={Video Game Sales with Ratings}, url={https://www.kaggle.com/rush4ratio/video-game-sales-with-ratings}, author={Kirubi, Rush}, year={2016}, month={Dec}} 

 @Article{tidyverse,
    title = {Welcome to the {tidyverse}},
    author = {Hadley Wickham and Mara Averick and Jennifer Bryan and Winston Chang and Lucy D'Agostino McGowan and Romain François and Garrett Grolemund and Alex Hayes and Lionel Henry and Jim Hester and Max Kuhn and Thomas Lin Pedersen and Evan Miller and Stephan Milton Bache and Kirill Müller and Jeroen Ooms and David Robinson and Dana Paige Seidel and Vitalie Spinu and Kohske Takahashi and Davis Vaughan and Claus Wilke and Kara Woo and Hiroaki Yutani},
    year = {2019},
    journal = {Journal of Open Source Software},
    volume = {4},
    number = {43},
    pages = {1686},
    doi = {10.21105/joss.01686},
  }

@misc{pang_2019, title={Understanding Gamer Psychology: Why Do People Play Games?}, url={https://www.sekg.net/gamer-psychology-people-play-games/}, journal={Sekg}, author={Pang, Chirlien}, year={2019}, month={Dec}} 

@Article{pROC,
    title = {pROC: an open-source package for R and S+ to analyze and compare ROC curves},
    author = {Xavier Robin and Natacha Turck and Alexandre Hainard and Natalia Tiberti and Frédérique Lisacek and Jean-Charles Sanchez and Markus Müller},
    year = {2011},
    journal = {BMC Bioinformatics},
    volume = {12},
    pages = {77},
  }

@Manual{janitor, title = {janitor: Simple Tools for Examining and Cleaning Dirty Data},
    author = {Sam Firke},
    year = {2020},
    note = {R package version 2.0.1},
    url = {https://CRAN.R-project.org/package=janitor},
  }
  
@misc{price_ben, title={New Report Shows Percentage of Global Population That Plays Video Games}, url={https://gamerant.com/3-billion-gamers-report/}, journal={Game Rant}, author={Price, Ben and Ben Price(130 Articles Published)Ben is a writer}, year={2020}, month={Aug}} 
  